
@mastersthesis{bh18,
  author = {B.-H. Chang},
  title = "{Multiple Access for Transmissions Over Independent Fading Channels}",
  school = {National Taiwan University},
  year = {2018}}
  
@mastersthesis{yt19,
  author = {Y.-T. Hsu},
  title = "{Analysis and Design of Gain-Divsion Multiple Access}",
  school = {National Taiwan University},
  year = {2019}}
  
  
 @article{shahab2019grant,
  title={Grant-free Non-orthogonal Multiple Access for IoT: A Survey},
  author={Shahab, Muhammad Basit and Abbas, Rana and Shirvanimoghaddam, Mahyar and Johnson, Sarah J},
  journal={arXiv preprint arXiv:1910.06529},
  year={2019}}


@article{spa01,
  author = {F. R. Kschischang and B. J. Frey and H.-A. Loeliger},
  title = "{Factor Graphs and the Sum-Product Algorithm}",	
  journal = {IEEE Trans. Inf. Theory},
  volume = {47},
  number = {2},	
  pages = {498-519},	
  month = {Feb.},
  year = {2001}}
  
@inproceedings{arikan2010polar,
  title={Polar codes: A pipelined implementation},
  author={Ar{\i}kan, Erdal},
  booktitle={Proc. 4th Int. Symp. on Broad. Commun. ISBC 2010},
  pages={11--14},
  year={2010}
}


@inproceedings{plnc06,
  author = {S. Zhang and S.C. Liew and P. Lam},
  title = "{Hot Topic: Physical Layer Network Coding}",
  booktitle = {Proc. International Conference on Mobile Computing and Networking (MobiCom)},
  venue = {Los Angeles, CA, USA},
  year = {2006},
  pages = {358–365}}

@inproceedings{lee2019curve,
  title={A Curve Fitting Method to Construct Polar Coded OFDM Systems with Channel Side Information for the Transmitter},
  author={Lee, Shih-Kai and Hsu, Yung-Tsao and Chang, Bei-Hao and Lin, Mao-Chao and Lee, Huang-Chang},
  booktitle={2019 IEEE 90th Vehicular Technology Conference (VTC2019-Fall)},
  pages={1--5},
  year={2019},
  organization={IEEE}
}

@article{niu2012crc,
  title={CRC-aided decoding of polar codes},
  author={Niu, Kai and Chen, Kai},
  journal={IEEE Communications Letters},
  volume={16},
  number={10},
  pages={1668--1671},
  year={2012},
  publisher={IEEE}
}

@article{hsu2020uplink,
  title={An Uplink Multiple Access Scheme Using Pilot-free Channel Estimation},
  author={Hsu, Yung-Tsao and Yang, Yu-Qin and Lee, Shih-Kai and Lee, Huang-Chang and Lin, Mao-Chao},
  journal={IEEE Communications Letters},
  year={2020},
  publisher={IEEE}
}

@article{lloyd82,
  author = {Stuart P. Lloyd},
  title = "{Least Squares Quantization in PCM}",	
  journal = {IEEE Trans. Inf. Theory},
  volume = {IT-28},
  number = {2},	
  pages = {129-136},	
  month = {Mar.},
  year = {1982}}

@article{lbg80,
  author = {Y. Linde and A. Buzo and R. M. Gray},
  title = "{An Algorithm for Vector Quantizer Design}",	
  journal = {IEEE Trans. Commun.},
  volume = {COM-28},
  number = {1},	
  pages = {84-95},	
  month = {Jan.},
  year = {1980}}

@inproceedings{kmpp07,
  author = {D. Arthur and S. Vassilvitskii},
  title = "{K-Means++: The Advantages of Careful Seeding}",
  booktitle = {Proc. Symp. Discrete Algorithms},
  year = {2007},
  pages = {1027–1035}}

@article{em77,
  author = {A. P. Dempster and N. M. Laird and D. B. Rubin},
  title = "{Maximum Likelihood from Incomplete Data via the EM Algorithm}",	
  journal = {Journal of the Royal Statistical Society. Series B (Methodological)},
  volume = {39},
  number = {1},	
  pages = {84-95},	
  publisher = {Wiley for the Royal Statistical Society},
  year = {1977}}


@inproceedings{gjcnc10,
  author = {D. W{\"u}bben and Y. Lang},
  title = "{Generalized Sum-Product Algorithm for Joint Channel Decoding and Physical-Layer Network Coding in Two-Way Relay Systems}",
  booktitle = {IEEE Proc. Global Communications Conference (GLOBECOM)},
  month = {Feb.},
  year = {2010},
  venue = {Miami, FL, USA}}
  
@inproceedings{gjcncqpsk10,
  author = {D. W{\"u}bben},
  title = "{Joint Channel Decoding and Physical-Layer Network Coding in Two-Way QPSK Relay Systems by a Generalized Sum-Product Algorithm}",
  booktitle = {Proc. 7th International Symposium on Wireless Communication Systems (ISWCS)},
  month = {Sept.},
  year = {2010},
  venue = {York, UK}}


@article{polar09,
  author = {E. Arikan},
  title = "{Channel Polarization: A Method for Constructing Capacity-Achieving Codes for Symmetric Binary-Input Memoryless Channels}",	
  journal = {IEEE Trans. Inf. Theory},
  volume = {55},
  number = {7},	
  pages = {3051-3073},	
  month = {July},
  year = {2009}}

@article{scl15,
  author = {I. Tal and A. Vardy},
  title = "{List Decoding of Polar Codes}",	
  journal = {IEEE Trans. Inf. Theory},
  volume = {61},
  number = {5},	
  pages = {2213-2226},	
  month = {May},
  year = {2015}}
  
  
@article{nbc05,
  author = {R.-Y. Wei},
  title = "{Noncoherent Block-Coded MPSK}",	
  journal = {IEEE Trans. Commun.},
  volume = {53},
  number = {6},
  pages = {978-986},
  month = {June},
  year = {2005}}

@inproceedings{abramson1970aloha,
  title={THE ALOHA SYSTEM: another alternative for computer communications},
  author={Abramson, Norman},
  booktitle={Proceedings of the November 17-19, 1970, fall joint computer conference},
  pages={281--285},
  year={1970}
}

@INPROCEEDINGS{alohaspread2005,
  author={D. B. {Zeleke} and M. A. V. {Castro}},
  booktitle={2005 IEEE 61st Vehicular Technology Conference}, 
  title={ALOHA versus single code spread ALOHA for satellite systems}, 
  year={2005},
  volume={4},
  number={},
  pages={2692-2696 Vol. 4},}

  
@incollection{massey1981collision,
  title={Collision-resolution algorithms and random-access communications},
  author={Massey, James L},
  booktitle={Multi-user communication systems},
  pages={73--137},
  year={1981},
  publisher={Springer}
}

@ARTICLE{slottedalohathroughput,
  author={M. S. {Chowdhury} and K. {Ashrafuzzaman} and K. S. {Kwak}},
  journal={IEEE Wireless Communications Letters}, 
  title={Saturation Throughput Analysis of IEEE 802.15.6 Slotted Aloha in Heterogeneous Conditions}, 
  year={2014},
  volume={3},
  number={3},
  pages={257-260},}
  
@INPROCEEDINGS{unslottedCDMA,
  author={H. {Okada} and P. M. {Grant} and I. W. {Band} and A. {Ogawa}},
  booktitle={11th IEEE International Symposium on Personal Indoor and Mobile Radio Communications. PIMRC 2000. Proceedings (Cat. No.00TH8525)}, 
  title={Application of MMSE multi-user detection to CDMA unslotted ALOHA system}, 
  year={2000},
  volume={1},
  number={},
  pages={529-533 vol.1},}
  

@book{zepernick2013pseudo,
  title={Pseudo random signal processing: theory and application},
  author={Zepernick, Hans-Jurgen and Finger, Adolf},
  year={2013},
  publisher={John Wiley \& Sons}
}


@article{minn2003robust,
  title={A robust timing and frequency synchronization for OFDM systems},
  author={Minn, Hlaing and Bhargava, Vijay K and Letaief, Khaled Ben},
  journal={IEEE Transactions on Wireless communications},
  volume={2},
  number={4},
  pages={822--839},
  year={2003},
  publisher={IEEE}
}